@article{LeLargeBiederLauer2021,
    url = {https://doi.org/10.1515/teme-2021-0004},
    title = {Comparison of different SLAM approaches for a driverless race car},
    author = {Nick Le Large and Frank Bieder and Martin Lauer},
    pages = {227--236},
    volume = {88},
    number = {4},
    journal = {tm - Technisches Messen},
    doi = {doi:10.1515/teme-2021-0004},
    year = {2021},
    lastchecked = {2025-03-28}
}

@misc{FSUKAIRules2025,
    title = {Formula Student AI 2025 Rules},
    author = {Formula Student UK},
    date = {19/11/2024},
    url = {https://www.imeche.org/docs/default-source/1-oscar/formula-student/2025/rules/fs-ai-2025-rules---v1-0.pdf},
    note = {Version 1.0},
    note = {\url{https://www.imeche.org/docs/default-source/1-oscar/formula-student/2025/rules/fs-ai-2025-rules---v1-0.pdf}},
    note = {Accessed 13/04/2025}
}

@phdthesis{HarperEvolutionary,
    title={Evolutionary Design Optimization for a Formula One Car and Track},
    author={Harper, Daniel},
    school={University of Georgia},
    year={2024}
}

@article{platt2022comparative,
    title={Comparative analysis of ros-unity3d and ros-gazebo for mobile ground robot simulation},
    author={Platt, Jonathan and Ricks, Kenneth},
    journal={Journal of Intelligent \& Robotic Systems},
    volume={106},
    number={4},
    pages={80},
    year={2022},
    publisher={Springer}
}
